<?xml version="1.0" encoding="UTF-8"?><collection xmlns="http://www.loc.gov/MARC21/slim"><record><leader>00500nam--2200169-i-4500</leader><controlfield tag="001">000034609</controlfield><controlfield tag="002">20161230</controlfield><controlfield tag="005">20161230201040</controlfield><controlfield tag="008">060222s1000------------r-----000-0-eng-d</controlfield><datafield ind1=" " ind2=" " tag="040"><subfield code="a">IFIN-HH</subfield></datafield><datafield ind1=" " ind2=" " tag="080"><subfield code="a">537.311.322(061.3)</subfield></datafield><datafield ind1="1" ind2=" " tag="110"><subfield code="a">Physical Society J©đzsef Attila University, Szeged</subfield></datafield><datafield ind1="1" ind2="0" tag="245"><subfield code="a">New developments in semiconductor physics, 1-6 july, 1979</subfield><subfield code="b">Abstracts</subfield></datafield><datafield ind1=" " ind2=" " tag="260"><subfield code="a">Szeged</subfield><subfield code="b">Biological Centre</subfield><subfield code="c">1979</subfield></datafield><datafield ind1=" " ind2=" " tag="300"><subfield code="a">48P</subfield></datafield><datafield ind1=" " ind2=" " tag="852"><subfield code="a">47428</subfield><subfield code="c">537.311.33</subfield></datafield><datafield ind1=" " ind2=" " tag="CAT"><subfield code="a">Sys</subfield><subfield code="c">20110726</subfield><subfield code="h">093607</subfield></datafield></record></collection>